@book {
	goldberg,
	author = {David E. Goldberg},
	title = {{Algorytmy genetyczne i ich zastosowania}},
	year = {1989},
}

@article {
	ams,
	author = {David Laredo, Yulin Qin, Oliver Sch\"utze and Jian-Qiao Sun},
	title = {{Automatic Model Selection for Neural Networks}},
	year = {2019},
}

@book {
	um,
	author = {Aur{\'e}lien G{\'e}ron},
	title = {{Uczenie maszynowe z u≈ºyciem Scikit-Learn i TensorFlow}},
	year = {2018},
}
